%YAML 1.1
%TAG !u! tag:unity3d.com,2011:
--- !u!1 &1761577076956040538
GameObject:
  m_ObjectHideFlags: 0
  m_CorrespondingSourceObject: {fileID: 0}
  m_PrefabInstance: {fileID: 0}
  m_PrefabAsset: {fileID: 0}
  serializedVersion: 6
  m_Component:
  - component: {fileID: 1761577076956040537}
  - component: {fileID: 1761577076956040541}
  - component: {fileID: 1761577076956040542}
  - component: {fileID: 1761577076956040543}
  - component: {fileID: 1761577076956040536}
  m_Layer: 5
  m_Name: Button - ToAugmentedReality
  m_TagString: Untagged
  m_Icon: {fileID: 0}
  m_NavMeshLayer: 0
  m_StaticEditorFlags: 0
  m_IsActive: 1
--- !u!224 &1761577076956040537
RectTransform:
  m_ObjectHideFlags: 0
  m_CorrespondingSourceObject: {fileID: 0}
  m_PrefabInstance: {fileID: 0}
  m_PrefabAsset: {fileID: 0}
  m_GameObject: {fileID: 1761577076956040538}
  m_LocalRotation: {x: 0, y: 0, z: 0, w: 1}
  m_LocalPosition: {x: 0, y: 0, z: -0}
  m_LocalScale: {x: 1, y: 1, z: 1}
  m_Children:
  - {fileID: 1761577078164493720}
  - {fileID: 4461431210928538093}
  m_Father: {fileID: 0}
  m_RootOrder: 0
  m_LocalEulerAnglesHint: {x: 0, y: 0, z: 0}
  m_AnchorMin: {x: 0.317, y: 0.3551962}
  m_AnchorMax: {x: 0.317, y: 0.3551962}
  m_AnchoredPosition: {x: -67, y: 3}
  m_SizeDelta: {x: 576.9, y: 49.5}
  m_Pivot: {x: 0, y: 0.5}
--- !u!222 &1761577076956040541
CanvasRenderer:
  m_ObjectHideFlags: 0
  m_CorrespondingSourceObject: {fileID: 0}
  m_PrefabInstance: {fileID: 0}
  m_PrefabAsset: {fileID: 0}
  m_GameObject: {fileID: 1761577076956040538}
  m_CullTransparentMesh: 0
--- !u!114 &1761577076956040542
MonoBehaviour:
  m_ObjectHideFlags: 0
  m_CorrespondingSourceObject: {fileID: 0}
  m_PrefabInstance: {fileID: 0}
  m_PrefabAsset: {fileID: 0}
  m_GameObject: {fileID: 1761577076956040538}
  m_Enabled: 1
  m_EditorHideFlags: 0
  m_Script: {fileID: -765806418, guid: f70555f144d8491a825f0804e09c671c, type: 3}
  m_Name: 
  m_EditorClassIdentifier: 
  m_Material: {fileID: 0}
  m_Color: {r: 1, g: 1, b: 1, a: 0}
  m_RaycastTarget: 1
  m_OnCullStateChanged:
    m_PersistentCalls:
      m_Calls: []
    m_TypeName: UnityEngine.UI.MaskableGraphic+CullStateChangedEvent, UnityEngine.UI,
      Version=1.0.0.0, Culture=neutral, PublicKeyToken=null
  m_Sprite: {fileID: 0}
  m_Type: 0
  m_PreserveAspect: 0
  m_FillCenter: 1
  m_FillMethod: 4
  m_FillAmount: 1
  m_FillClockwise: 1
  m_FillOrigin: 0
  m_UseSpriteMesh: 0
--- !u!114 &1761577076956040543
MonoBehaviour:
  m_ObjectHideFlags: 0
  m_CorrespondingSourceObject: {fileID: 0}
  m_PrefabInstance: {fileID: 0}
  m_PrefabAsset: {fileID: 0}
  m_GameObject: {fileID: 1761577076956040538}
  m_Enabled: 1
  m_EditorHideFlags: 0
  m_Script: {fileID: 1392445389, guid: f70555f144d8491a825f0804e09c671c, type: 3}
  m_Name: 
  m_EditorClassIdentifier: 
  m_Navigation:
    m_Mode: 3
    m_SelectOnUp: {fileID: 0}
    m_SelectOnDown: {fileID: 0}
    m_SelectOnLeft: {fileID: 0}
    m_SelectOnRight: {fileID: 0}
  m_Transition: 1
  m_Colors:
    m_NormalColor: {r: 1, g: 1, b: 1, a: 1}
    m_HighlightedColor: {r: 0.9607843, g: 0.9607843, b: 0.9607843, a: 1}
    m_PressedColor: {r: 0.78431374, g: 0.78431374, b: 0.78431374, a: 1}
    m_SelectedColor: {r: 0.9607843, g: 0.9607843, b: 0.9607843, a: 1}
    m_DisabledColor: {r: 0.78431374, g: 0.78431374, b: 0.78431374, a: 0.5019608}
    m_ColorMultiplier: 1
    m_FadeDuration: 0.1
  m_SpriteState:
    m_HighlightedSprite: {fileID: 0}
    m_PressedSprite: {fileID: 0}
    m_SelectedSprite: {fileID: 0}
    m_DisabledSprite: {fileID: 0}
  m_AnimationTriggers:
    m_NormalTrigger: Normal
    m_HighlightedTrigger: Highlighted
    m_PressedTrigger: Pressed
    m_SelectedTrigger: Selected
    m_DisabledTrigger: Disabled
  m_Interactable: 1
  m_TargetGraphic: {fileID: 1761577076956040542}
  m_OnClick:
    m_PersistentCalls:
      m_Calls: []
    m_TypeName: UnityEngine.UI.Button+ButtonClickedEvent, UnityEngine.UI, Version=1.0.0.0,
      Culture=neutral, PublicKeyToken=null
--- !u!114 &1761577076956040536
MonoBehaviour:
  m_ObjectHideFlags: 0
  m_CorrespondingSourceObject: {fileID: 0}
  m_PrefabInstance: {fileID: 0}
  m_PrefabAsset: {fileID: 0}
  m_GameObject: {fileID: 1761577076956040538}
  m_Enabled: 1
  m_EditorHideFlags: 0
  m_Script: {fileID: 11500000, guid: 7d12bfc32d0d797428cf0191288caabd, type: 3}
  m_Name: 
  m_EditorClassIdentifier: 
  DebugMode: 0
  StartPosition: {x: 0, y: 0, z: 0}
  StartRotation: {x: 0, y: 0, z: 0}
  StartScale: {x: 1, y: 1, z: 1}
  StartAlpha: 1
  AllowMultipleClicks: 1
  ButtonCategory: submenu-screen
  ButtonName: ToAugmentedReality
  ClickMode: 0
  DeselectButtonAfterClick: 0
  DisableButtonBetweenClicksInterval: 0.2
  DoubleClickRegisterInterval: 0.2
  InputData:
    EnableAlternateInputs: 1
    InputMode: 2
    KeyCode: 13
    KeyCodeAlt: 32
    VirtualButtonName: Submit
    VirtualButtonNameAlt: Jump
  LongClickRegisterInterval: 0.5
  OnPointerEnter:
    Animators: []
    ButtonAnimationType: 0
    DeselectButton: 0
    DisableInterval: 0.4
    Enabled: 0
    LoadSelectedPresetAtRuntime: 0
    OnTrigger:
      AnimatorEvents: []
      Effect:
        AutoSort: 1
        Behavior: 0
        CustomSortingOrder: 0
        SortingSteps: 1
        ParticleSystem: {fileID: 0}
        StopBehavior: 1
        CustomSortingLayer: Default
      Event:
        m_PersistentCalls:
          m_Calls: []
        m_TypeName: UnityEngine.Events.UnityEvent, UnityEngine.CoreModule, Version=0.0.0.0,
          Culture=neutral, PublicKeyToken=null
      GameEvents: []
      SoundData:
        SoundSource: 0
        DatabaseName: General
        SoundName: No Sound
        AudioClip: {fileID: 0}
        OutputAudioMixerGroup: {fileID: 0}
    PresetCategory: Uncategorized
    PresetName: Default
    PunchAnimation:
      AnimationType: 4
      Move:
        AnimationType: 4
        Enabled: 0
        From: {x: 0, y: 0, z: 0}
        To: {x: 0, y: 0, z: 0}
        By: {x: 0, y: 0, z: 0}
        UseCustomFromAndTo: 0
        Vibrato: 10
        Elasticity: 1
        NumberOfLoops: -1
        LoopType: 1
        Direction: 0
        CustomPosition: {x: 0, y: 0, z: 0}
        EaseType: 0
        Ease: 1
        AnimationCurve:
          serializedVersion: 2
          m_Curve: []
          m_PreInfinity: 2
          m_PostInfinity: 2
          m_RotationOrder: 4
        StartDelay: 0
        Duration: 1
      Rotate:
        AnimationType: 4
        Enabled: 0
        From: {x: 0, y: 0, z: 0}
        To: {x: 0, y: 0, z: 0}
        By: {x: 0, y: 0, z: 0}
        UseCustomFromAndTo: 0
        Vibrato: 10
        Elasticity: 1
        NumberOfLoops: -1
        LoopType: 1
        RotateMode: 1
        EaseType: 0
        Ease: 1
        AnimationCurve:
          serializedVersion: 2
          m_Curve: []
          m_PreInfinity: 2
          m_PostInfinity: 2
          m_RotationOrder: 4
        StartDelay: 0
        Duration: 1
      Scale:
        AnimationType: 4
        Enabled: 0
        From: {x: 0, y: 0, z: 0}
        To: {x: 0, y: 0, z: 0}
        By: {x: 0, y: 0, z: 0}
        UseCustomFromAndTo: 0
        Vibrato: 10
        Elasticity: 1
        NumberOfLoops: -1
        LoopType: 1
        EaseType: 0
        Ease: 1
        AnimationCurve:
          serializedVersion: 2
          m_Curve: []
          m_PreInfinity: 2
          m_PostInfinity: 2
          m_RotationOrder: 4
        StartDelay: 0
        Duration: 1
      Fade:
        AnimationType: 4
        Enabled: 0
        From: 0
        To: 1
        By: 0.5
        UseCustomFromAndTo: 0
        NumberOfLoops: -1
        LoopType: 1
        EaseType: 0
        Ease: 1
        AnimationCurve:
          serializedVersion: 2
          m_Curve: []
          m_PreInfinity: 2
          m_PostInfinity: 2
          m_RotationOrder: 4
        StartDelay: 0
        Duration: 1
    Ready: 1
    SelectButton: 0
    StateAnimation:
      AnimationType: 5
      Move:
        AnimationType: 5
        Enabled: 0
        From: {x: 0, y: 0, z: 0}
        To: {x: 0, y: 0, z: 0}
        By: {x: 0, y: 0, z: 0}
        UseCustomFromAndTo: 0
        Vibrato: 10
        Elasticity: 1
        NumberOfLoops: -1
        LoopType: 1
        Direction: 0
        CustomPosition: {x: 0, y: 0, z: 0}
        EaseType: 0
        Ease: 1
        AnimationCurve:
          serializedVersion: 2
          m_Curve: []
          m_PreInfinity: 2
          m_PostInfinity: 2
          m_RotationOrder: 4
        StartDelay: 0
        Duration: 1
      Rotate:
        AnimationType: 5
        Enabled: 0
        From: {x: 0, y: 0, z: 0}
        To: {x: 0, y: 0, z: 0}
        By: {x: 0, y: 0, z: 0}
        UseCustomFromAndTo: 0
        Vibrato: 10
        Elasticity: 1
        NumberOfLoops: -1
        LoopType: 1
        RotateMode: 1
        EaseType: 0
        Ease: 1
        AnimationCurve:
          serializedVersion: 2
          m_Curve: []
          m_PreInfinity: 2
          m_PostInfinity: 2
          m_RotationOrder: 4
        StartDelay: 0
        Duration: 1
      Scale:
        AnimationType: 5
        Enabled: 0
        From: {x: 0, y: 0, z: 0}
        To: {x: 0, y: 0, z: 0}
        By: {x: 0, y: 0, z: 0}
        UseCustomFromAndTo: 0
        Vibrato: 10
        Elasticity: 1
        NumberOfLoops: -1
        LoopType: 1
        EaseType: 0
        Ease: 1
        AnimationCurve:
          serializedVersion: 2
          m_Curve: []
          m_PreInfinity: 2
          m_PostInfinity: 2
          m_RotationOrder: 4
        StartDelay: 0
        Duration: 1
      Fade:
        AnimationType: 5
        Enabled: 0
        From: 0
        To: 1
        By: 0.5
        UseCustomFromAndTo: 0
        NumberOfLoops: -1
        LoopType: 1
        EaseType: 0
        Ease: 1
        AnimationCurve:
          serializedVersion: 2
          m_Curve: []
          m_PreInfinity: 2
          m_PostInfinity: 2
          m_RotationOrder: 4
        StartDelay: 0
        Duration: 1
    TriggerEventsAfterAnimation: 0
    m_behaviorType: 3
  OnPointerExit:
    Animators: []
    ButtonAnimationType: 0
    DeselectButton: 0
    DisableInterval: 0.4
    Enabled: 0
    LoadSelectedPresetAtRuntime: 0
    OnTrigger:
      AnimatorEvents: []
      Effect:
        AutoSort: 1
        Behavior: 0
        CustomSortingOrder: 0
        SortingSteps: 1
        ParticleSystem: {fileID: 0}
        StopBehavior: 1
        CustomSortingLayer: Default
      Event:
        m_PersistentCalls:
          m_Calls: []
        m_TypeName: UnityEngine.Events.UnityEvent, UnityEngine.CoreModule, Version=0.0.0.0,
          Culture=neutral, PublicKeyToken=null
      GameEvents: []
      SoundData:
        SoundSource: 0
        DatabaseName: General
        SoundName: No Sound
        AudioClip: {fileID: 0}
        OutputAudioMixerGroup: {fileID: 0}
    PresetCategory: Uncategorized
    PresetName: Default
    PunchAnimation:
      AnimationType: 4
      Move:
        AnimationType: 4
        Enabled: 0
        From: {x: 0, y: 0, z: 0}
        To: {x: 0, y: 0, z: 0}
        By: {x: 0, y: 0, z: 0}
        UseCustomFromAndTo: 0
        Vibrato: 10
        Elasticity: 1
        NumberOfLoops: -1
        LoopType: 1
        Direction: 0
        CustomPosition: {x: 0, y: 0, z: 0}
        EaseType: 0
        Ease: 1
        AnimationCurve:
          serializedVersion: 2
          m_Curve: []
          m_PreInfinity: 2
          m_PostInfinity: 2
          m_RotationOrder: 4
        StartDelay: 0
        Duration: 1
      Rotate:
        AnimationType: 4
        Enabled: 0
        From: {x: 0, y: 0, z: 0}
        To: {x: 0, y: 0, z: 0}
        By: {x: 0, y: 0, z: 0}
        UseCustomFromAndTo: 0
        Vibrato: 10
        Elasticity: 1
        NumberOfLoops: -1
        LoopType: 1
        RotateMode: 1
        EaseType: 0
        Ease: 1
        AnimationCurve:
          serializedVersion: 2
          m_Curve: []
          m_PreInfinity: 2
          m_PostInfinity: 2
          m_RotationOrder: 4
        StartDelay: 0
        Duration: 1
      Scale:
        AnimationType: 4
        Enabled: 0
        From: {x: 0, y: 0, z: 0}
        To: {x: 0, y: 0, z: 0}
        By: {x: 0, y: 0, z: 0}
        UseCustomFromAndTo: 0
        Vibrato: 10
        Elasticity: 1
        NumberOfLoops: -1
        LoopType: 1
        EaseType: 0
        Ease: 1
        AnimationCurve:
          serializedVersion: 2
          m_Curve: []
          m_PreInfinity: 2
          m_PostInfinity: 2
          m_RotationOrder: 4
        StartDelay: 0
        Duration: 1
      Fade:
        AnimationType: 4
        Enabled: 0
        From: 0
        To: 1
        By: 0.5
        UseCustomFromAndTo: 0
        NumberOfLoops: -1
        LoopType: 1
        EaseType: 0
        Ease: 1
        AnimationCurve:
          serializedVersion: 2
          m_Curve: []
          m_PreInfinity: 2
          m_PostInfinity: 2
          m_RotationOrder: 4
        StartDelay: 0
        Duration: 1
    Ready: 1
    SelectButton: 0
    StateAnimation:
      AnimationType: 5
      Move:
        AnimationType: 5
        Enabled: 0
        From: {x: 0, y: 0, z: 0}
        To: {x: 0, y: 0, z: 0}
        By: {x: 0, y: 0, z: 0}
        UseCustomFromAndTo: 0
        Vibrato: 10
        Elasticity: 1
        NumberOfLoops: -1
        LoopType: 1
        Direction: 0
        CustomPosition: {x: 0, y: 0, z: 0}
        EaseType: 0
        Ease: 1
        AnimationCurve:
          serializedVersion: 2
          m_Curve: []
          m_PreInfinity: 2
          m_PostInfinity: 2
          m_RotationOrder: 4
        StartDelay: 0
        Duration: 1
      Rotate:
        AnimationType: 5
        Enabled: 0
        From: {x: 0, y: 0, z: 0}
        To: {x: 0, y: 0, z: 0}
        By: {x: 0, y: 0, z: 0}
        UseCustomFromAndTo: 0
        Vibrato: 10
        Elasticity: 1
        NumberOfLoops: -1
        LoopType: 1
        RotateMode: 1
        EaseType: 0
        Ease: 1
        AnimationCurve:
          serializedVersion: 2
          m_Curve: []
          m_PreInfinity: 2
          m_PostInfinity: 2
          m_RotationOrder: 4
        StartDelay: 0
        Duration: 1
      Scale:
        AnimationType: 5
        Enabled: 0
        From: {x: 0, y: 0, z: 0}
        To: {x: 0, y: 0, z: 0}
        By: {x: 0, y: 0, z: 0}
        UseCustomFromAndTo: 0
        Vibrato: 10
        Elasticity: 1
        NumberOfLoops: -1
        LoopType: 1
        EaseType: 0
        Ease: 1
        AnimationCurve:
          serializedVersion: 2
          m_Curve: []
          m_PreInfinity: 2
          m_PostInfinity: 2
          m_RotationOrder: 4
        StartDelay: 0
        Duration: 1
      Fade:
        AnimationType: 5
        Enabled: 0
        From: 0
        To: 1
        By: 0.5
        UseCustomFromAndTo: 0
        NumberOfLoops: -1
        LoopType: 1
        EaseType: 0
        Ease: 1
        AnimationCurve:
          serializedVersion: 2
          m_Curve: []
          m_PreInfinity: 2
          m_PostInfinity: 2
          m_RotationOrder: 4
        StartDelay: 0
        Duration: 1
    TriggerEventsAfterAnimation: 0
    m_behaviorType: 4
  OnPointerDown:
    Animators: []
    ButtonAnimationType: 0
    DeselectButton: 0
    DisableInterval: 0
    Enabled: 0
    LoadSelectedPresetAtRuntime: 0
    OnTrigger:
      AnimatorEvents: []
      Effect:
        AutoSort: 1
        Behavior: 0
        CustomSortingOrder: 0
        SortingSteps: 1
        ParticleSystem: {fileID: 0}
        StopBehavior: 1
        CustomSortingLayer: Default
      Event:
        m_PersistentCalls:
          m_Calls: []
        m_TypeName: UnityEngine.Events.UnityEvent, UnityEngine.CoreModule, Version=0.0.0.0,
          Culture=neutral, PublicKeyToken=null
      GameEvents: []
      SoundData:
        SoundSource: 0
        DatabaseName: General
        SoundName: No Sound
        AudioClip: {fileID: 0}
        OutputAudioMixerGroup: {fileID: 0}
    PresetCategory: Uncategorized
    PresetName: Default
    PunchAnimation:
      AnimationType: 4
      Move:
        AnimationType: 4
        Enabled: 0
        From: {x: 0, y: 0, z: 0}
        To: {x: 0, y: 0, z: 0}
        By: {x: 0, y: 0, z: 0}
        UseCustomFromAndTo: 0
        Vibrato: 10
        Elasticity: 1
        NumberOfLoops: -1
        LoopType: 1
        Direction: 0
        CustomPosition: {x: 0, y: 0, z: 0}
        EaseType: 0
        Ease: 1
        AnimationCurve:
          serializedVersion: 2
          m_Curve: []
          m_PreInfinity: 2
          m_PostInfinity: 2
          m_RotationOrder: 4
        StartDelay: 0
        Duration: 1
      Rotate:
        AnimationType: 4
        Enabled: 0
        From: {x: 0, y: 0, z: 0}
        To: {x: 0, y: 0, z: 0}
        By: {x: 0, y: 0, z: 0}
        UseCustomFromAndTo: 0
        Vibrato: 10
        Elasticity: 1
        NumberOfLoops: -1
        LoopType: 1
        RotateMode: 1
        EaseType: 0
        Ease: 1
        AnimationCurve:
          serializedVersion: 2
          m_Curve: []
          m_PreInfinity: 2
          m_PostInfinity: 2
          m_RotationOrder: 4
        StartDelay: 0
        Duration: 1
      Scale:
        AnimationType: 4
        Enabled: 0
        From: {x: 0, y: 0, z: 0}
        To: {x: 0, y: 0, z: 0}
        By: {x: 0, y: 0, z: 0}
        UseCustomFromAndTo: 0
        Vibrato: 10
        Elasticity: 1
        NumberOfLoops: -1
        LoopType: 1
        EaseType: 0
        Ease: 1
        AnimationCurve:
          serializedVersion: 2
          m_Curve: []
          m_PreInfinity: 2
          m_PostInfinity: 2
          m_RotationOrder: 4
        StartDelay: 0
        Duration: 1
      Fade:
        AnimationType: 4
        Enabled: 0
        From: 0
        To: 1
        By: 0.5
        UseCustomFromAndTo: 0
        NumberOfLoops: -1
        LoopType: 1
        EaseType: 0
        Ease: 1
        AnimationCurve:
          serializedVersion: 2
          m_Curve: []
          m_PreInfinity: 2
          m_PostInfinity: 2
          m_RotationOrder: 4
        StartDelay: 0
        Duration: 1
    Ready: 1
    SelectButton: 0
    StateAnimation:
      AnimationType: 5
      Move:
        AnimationType: 5
        Enabled: 0
        From: {x: 0, y: 0, z: 0}
        To: {x: 0, y: 0, z: 0}
        By: {x: 0, y: 0, z: 0}
        UseCustomFromAndTo: 0
        Vibrato: 10
        Elasticity: 1
        NumberOfLoops: -1
        LoopType: 1
        Direction: 0
        CustomPosition: {x: 0, y: 0, z: 0}
        EaseType: 0
        Ease: 1
        AnimationCurve:
          serializedVersion: 2
          m_Curve: []
          m_PreInfinity: 2
          m_PostInfinity: 2
          m_RotationOrder: 4
        StartDelay: 0
        Duration: 1
      Rotate:
        AnimationType: 5
        Enabled: 0
        From: {x: 0, y: 0, z: 0}
        To: {x: 0, y: 0, z: 0}
        By: {x: 0, y: 0, z: 0}
        UseCustomFromAndTo: 0
        Vibrato: 10
        Elasticity: 1
        NumberOfLoops: -1
        LoopType: 1
        RotateMode: 1
        EaseType: 0
        Ease: 1
        AnimationCurve:
          serializedVersion: 2
          m_Curve: []
          m_PreInfinity: 2
          m_PostInfinity: 2
          m_RotationOrder: 4
        StartDelay: 0
        Duration: 1
      Scale:
        AnimationType: 5
        Enabled: 0
        From: {x: 0, y: 0, z: 0}
        To: {x: 0, y: 0, z: 0}
        By: {x: 0, y: 0, z: 0}
        UseCustomFromAndTo: 0
        Vibrato: 10
        Elasticity: 1
        NumberOfLoops: -1
        LoopType: 1
        EaseType: 0
        Ease: 1
        AnimationCurve:
          serializedVersion: 2
          m_Curve: []
          m_PreInfinity: 2
          m_PostInfinity: 2
          m_RotationOrder: 4
        StartDelay: 0
        Duration: 1
      Fade:
        AnimationType: 5
        Enabled: 0
        From: 0
        To: 1
        By: 0.5
        UseCustomFromAndTo: 0
        NumberOfLoops: -1
        LoopType: 1
        EaseType: 0
        Ease: 1
        AnimationCurve:
          serializedVersion: 2
          m_Curve: []
          m_PreInfinity: 2
          m_PostInfinity: 2
          m_RotationOrder: 4
        StartDelay: 0
        Duration: 1
    TriggerEventsAfterAnimation: 0
    m_behaviorType: 5
  OnPointerUp:
    Animators: []
    ButtonAnimationType: 0
    DeselectButton: 0
    DisableInterval: 0
    Enabled: 0
    LoadSelectedPresetAtRuntime: 0
    OnTrigger:
      AnimatorEvents: []
      Effect:
        AutoSort: 1
        Behavior: 0
        CustomSortingOrder: 0
        SortingSteps: 1
        ParticleSystem: {fileID: 0}
        StopBehavior: 1
        CustomSortingLayer: Default
      Event:
        m_PersistentCalls:
          m_Calls: []
        m_TypeName: UnityEngine.Events.UnityEvent, UnityEngine.CoreModule, Version=0.0.0.0,
          Culture=neutral, PublicKeyToken=null
      GameEvents: []
      SoundData:
        SoundSource: 0
        DatabaseName: General
        SoundName: No Sound
        AudioClip: {fileID: 0}
        OutputAudioMixerGroup: {fileID: 0}
    PresetCategory: Uncategorized
    PresetName: Default
    PunchAnimation:
      AnimationType: 4
      Move:
        AnimationType: 4
        Enabled: 0
        From: {x: 0, y: 0, z: 0}
        To: {x: 0, y: 0, z: 0}
        By: {x: 0, y: 0, z: 0}
        UseCustomFromAndTo: 0
        Vibrato: 10
        Elasticity: 1
        NumberOfLoops: -1
        LoopType: 1
        Direction: 0
        CustomPosition: {x: 0, y: 0, z: 0}
        EaseType: 0
        Ease: 1
        AnimationCurve:
          serializedVersion: 2
          m_Curve: []
          m_PreInfinity: 2
          m_PostInfinity: 2
          m_RotationOrder: 4
        StartDelay: 0
        Duration: 1
      Rotate:
        AnimationType: 4
        Enabled: 0
        From: {x: 0, y: 0, z: 0}
        To: {x: 0, y: 0, z: 0}
        By: {x: 0, y: 0, z: 0}
        UseCustomFromAndTo: 0
        Vibrato: 10
        Elasticity: 1
        NumberOfLoops: -1
        LoopType: 1
        RotateMode: 1
        EaseType: 0
        Ease: 1
        AnimationCurve:
          serializedVersion: 2
          m_Curve: []
          m_PreInfinity: 2
          m_PostInfinity: 2
          m_RotationOrder: 4
        StartDelay: 0
        Duration: 1
      Scale:
        AnimationType: 4
        Enabled: 0
        From: {x: 0, y: 0, z: 0}
        To: {x: 0, y: 0, z: 0}
        By: {x: 0, y: 0, z: 0}
        UseCustomFromAndTo: 0
        Vibrato: 10
        Elasticity: 1
        NumberOfLoops: -1
        LoopType: 1
        EaseType: 0
        Ease: 1
        AnimationCurve:
          serializedVersion: 2
          m_Curve: []
          m_PreInfinity: 2
          m_PostInfinity: 2
          m_RotationOrder: 4
        StartDelay: 0
        Duration: 1
      Fade:
        AnimationType: 4
        Enabled: 0
        From: 0
        To: 1
        By: 0.5
        UseCustomFromAndTo: 0
        NumberOfLoops: -1
        LoopType: 1
        EaseType: 0
        Ease: 1
        AnimationCurve:
          serializedVersion: 2
          m_Curve: []
          m_PreInfinity: 2
          m_PostInfinity: 2
          m_RotationOrder: 4
        StartDelay: 0
        Duration: 1
    Ready: 1
    SelectButton: 0
    StateAnimation:
      AnimationType: 5
      Move:
        AnimationType: 5
        Enabled: 0
        From: {x: 0, y: 0, z: 0}
        To: {x: 0, y: 0, z: 0}
        By: {x: 0, y: 0, z: 0}
        UseCustomFromAndTo: 0
        Vibrato: 10
        Elasticity: 1
        NumberOfLoops: -1
        LoopType: 1
        Direction: 0
        CustomPosition: {x: 0, y: 0, z: 0}
        EaseType: 0
        Ease: 1
        AnimationCurve:
          serializedVersion: 2
          m_Curve: []
          m_PreInfinity: 2
          m_PostInfinity: 2
          m_RotationOrder: 4
        StartDelay: 0
        Duration: 1
      Rotate:
        AnimationType: 5
        Enabled: 0
        From: {x: 0, y: 0, z: 0}
        To: {x: 0, y: 0, z: 0}
        By: {x: 0, y: 0, z: 0}
        UseCustomFromAndTo: 0
        Vibrato: 10
        Elasticity: 1
        NumberOfLoops: -1
        LoopType: 1
        RotateMode: 1
        EaseType: 0
        Ease: 1
        AnimationCurve:
          serializedVersion: 2
          m_Curve: []
          m_PreInfinity: 2
          m_PostInfinity: 2
          m_RotationOrder: 4
        StartDelay: 0
        Duration: 1
      Scale:
        AnimationType: 5
        Enabled: 0
        From: {x: 0, y: 0, z: 0}
        To: {x: 0, y: 0, z: 0}
        By: {x: 0, y: 0, z: 0}
        UseCustomFromAndTo: 0
        Vibrato: 10
        Elasticity: 1
        NumberOfLoops: -1
        LoopType: 1
        EaseType: 0
        Ease: 1
        AnimationCurve:
          serializedVersion: 2
          m_Curve: []
          m_PreInfinity: 2
          m_PostInfinity: 2
          m_RotationOrder: 4
        StartDelay: 0
        Duration: 1
      Fade:
        AnimationType: 5
        Enabled: 0
        From: 0
        To: 1
        By: 0.5
        UseCustomFromAndTo: 0
        NumberOfLoops: -1
        LoopType: 1
        EaseType: 0
        Ease: 1
        AnimationCurve:
          serializedVersion: 2
          m_Curve: []
          m_PreInfinity: 2
          m_PostInfinity: 2
          m_RotationOrder: 4
        StartDelay: 0
        Duration: 1
    TriggerEventsAfterAnimation: 0
    m_behaviorType: 6
  OnClick:
    Animators: []
    ButtonAnimationType: 0
    DeselectButton: 0
    DisableInterval: 0.4
    Enabled: 1
    LoadSelectedPresetAtRuntime: 0
    OnTrigger:
      AnimatorEvents: []
      Effect:
        AutoSort: 1
        Behavior: 0
        CustomSortingOrder: 0
        SortingSteps: 1
        ParticleSystem: {fileID: 0}
        StopBehavior: 1
        CustomSortingLayer: Default
      Event:
        m_PersistentCalls:
          m_Calls: []
        m_TypeName: UnityEngine.Events.UnityEvent, UnityEngine.CoreModule, Version=0.0.0.0,
          Culture=neutral, PublicKeyToken=null
      GameEvents: []
      SoundData:
        SoundSource: 0
        DatabaseName: General
        SoundName: No Sound
        AudioClip: {fileID: 0}
        OutputAudioMixerGroup: {fileID: 0}
    PresetCategory: Uncategorized
    PresetName: Default
    PunchAnimation:
      AnimationType: 4
      Move:
        AnimationType: 4
        Enabled: 0
        From: {x: 0, y: 0, z: 0}
        To: {x: 0, y: 0, z: 0}
        By: {x: 0, y: 0, z: 0}
        UseCustomFromAndTo: 0
        Vibrato: 10
        Elasticity: 1
        NumberOfLoops: -1
        LoopType: 1
        Direction: 0
        CustomPosition: {x: 0, y: 0, z: 0}
        EaseType: 0
        Ease: 1
        AnimationCurve:
          serializedVersion: 2
          m_Curve: []
          m_PreInfinity: 2
          m_PostInfinity: 2
          m_RotationOrder: 4
        StartDelay: 0
        Duration: 1
      Rotate:
        AnimationType: 4
        Enabled: 0
        From: {x: 0, y: 0, z: 0}
        To: {x: 0, y: 0, z: 0}
        By: {x: 0, y: 0, z: 0}
        UseCustomFromAndTo: 0
        Vibrato: 10
        Elasticity: 1
        NumberOfLoops: -1
        LoopType: 1
        RotateMode: 1
        EaseType: 0
        Ease: 1
        AnimationCurve:
          serializedVersion: 2
          m_Curve: []
          m_PreInfinity: 2
          m_PostInfinity: 2
          m_RotationOrder: 4
        StartDelay: 0
        Duration: 1
      Scale:
        AnimationType: 4
        Enabled: 0
        From: {x: 0, y: 0, z: 0}
        To: {x: 0, y: 0, z: 0}
        By: {x: 0, y: 0, z: 0}
        UseCustomFromAndTo: 0
        Vibrato: 10
        Elasticity: 1
        NumberOfLoops: -1
        LoopType: 1
        EaseType: 0
        Ease: 1
        AnimationCurve:
          serializedVersion: 2
          m_Curve: []
          m_PreInfinity: 2
          m_PostInfinity: 2
          m_RotationOrder: 4
        StartDelay: 0
        Duration: 1
      Fade:
        AnimationType: 4
        Enabled: 0
        From: 0
        To: 1
        By: 0.5
        UseCustomFromAndTo: 0
        NumberOfLoops: -1
        LoopType: 1
        EaseType: 0
        Ease: 1
        AnimationCurve:
          serializedVersion: 2
          m_Curve: []
          m_PreInfinity: 2
          m_PostInfinity: 2
          m_RotationOrder: 4
        StartDelay: 0
        Duration: 1
    Ready: 1
    SelectButton: 0
    StateAnimation:
      AnimationType: 5
      Move:
        AnimationType: 5
        Enabled: 0
        From: {x: 0, y: 0, z: 0}
        To: {x: 0, y: 0, z: 0}
        By: {x: 0, y: 0, z: 0}
        UseCustomFromAndTo: 0
        Vibrato: 10
        Elasticity: 1
        NumberOfLoops: -1
        LoopType: 1
        Direction: 0
        CustomPosition: {x: 0, y: 0, z: 0}
        EaseType: 0
        Ease: 1
        AnimationCurve:
          serializedVersion: 2
          m_Curve: []
          m_PreInfinity: 2
          m_PostInfinity: 2
          m_RotationOrder: 4
        StartDelay: 0
        Duration: 1
      Rotate:
        AnimationType: 5
        Enabled: 0
        From: {x: 0, y: 0, z: 0}
        To: {x: 0, y: 0, z: 0}
        By: {x: 0, y: 0, z: 0}
        UseCustomFromAndTo: 0
        Vibrato: 10
        Elasticity: 1
        NumberOfLoops: -1
        LoopType: 1
        RotateMode: 1
        EaseType: 0
        Ease: 1
        AnimationCurve:
          serializedVersion: 2
          m_Curve: []
          m_PreInfinity: 2
          m_PostInfinity: 2
          m_RotationOrder: 4
        StartDelay: 0
        Duration: 1
      Scale:
        AnimationType: 5
        Enabled: 0
        From: {x: 0, y: 0, z: 0}
        To: {x: 0, y: 0, z: 0}
        By: {x: 0, y: 0, z: 0}
        UseCustomFromAndTo: 0
        Vibrato: 10
        Elasticity: 1
        NumberOfLoops: -1
        LoopType: 1
        EaseType: 0
        Ease: 1
        AnimationCurve:
          serializedVersion: 2
          m_Curve: []
          m_PreInfinity: 2
          m_PostInfinity: 2
          m_RotationOrder: 4
        StartDelay: 0
        Duration: 1
      Fade:
        AnimationType: 5
        Enabled: 0
        From: 0
        To: 1
        By: 0.5
        UseCustomFromAndTo: 0
        NumberOfLoops: -1
        LoopType: 1
        EaseType: 0
        Ease: 1
        AnimationCurve:
          serializedVersion: 2
          m_Curve: []
          m_PreInfinity: 2
          m_PostInfinity: 2
          m_RotationOrder: 4
        StartDelay: 0
        Duration: 1
    TriggerEventsAfterAnimation: 0
    m_behaviorType: 0
  OnDoubleClick:
    Animators: []
    ButtonAnimationType: 0
    DeselectButton: 0
    DisableInterval: 0.2
    Enabled: 0
    LoadSelectedPresetAtRuntime: 0
    OnTrigger:
      AnimatorEvents: []
      Effect:
        AutoSort: 1
        Behavior: 0
        CustomSortingOrder: 0
        SortingSteps: 1
        ParticleSystem: {fileID: 0}
        StopBehavior: 1
        CustomSortingLayer: Default
      Event:
        m_PersistentCalls:
          m_Calls: []
        m_TypeName: UnityEngine.Events.UnityEvent, UnityEngine.CoreModule, Version=0.0.0.0,
          Culture=neutral, PublicKeyToken=null
      GameEvents: []
      SoundData:
        SoundSource: 0
        DatabaseName: General
        SoundName: No Sound
        AudioClip: {fileID: 0}
        OutputAudioMixerGroup: {fileID: 0}
    PresetCategory: Uncategorized
    PresetName: Default
    PunchAnimation:
      AnimationType: 4
      Move:
        AnimationType: 4
        Enabled: 0
        From: {x: 0, y: 0, z: 0}
        To: {x: 0, y: 0, z: 0}
        By: {x: 0, y: 0, z: 0}
        UseCustomFromAndTo: 0
        Vibrato: 10
        Elasticity: 1
        NumberOfLoops: -1
        LoopType: 1
        Direction: 0
        CustomPosition: {x: 0, y: 0, z: 0}
        EaseType: 0
        Ease: 1
        AnimationCurve:
          serializedVersion: 2
          m_Curve: []
          m_PreInfinity: 2
          m_PostInfinity: 2
          m_RotationOrder: 4
        StartDelay: 0
        Duration: 1
      Rotate:
        AnimationType: 4
        Enabled: 0
        From: {x: 0, y: 0, z: 0}
        To: {x: 0, y: 0, z: 0}
        By: {x: 0, y: 0, z: 0}
        UseCustomFromAndTo: 0
        Vibrato: 10
        Elasticity: 1
        NumberOfLoops: -1
        LoopType: 1
        RotateMode: 1
        EaseType: 0
        Ease: 1
        AnimationCurve:
          serializedVersion: 2
          m_Curve: []
          m_PreInfinity: 2
          m_PostInfinity: 2
          m_RotationOrder: 4
        StartDelay: 0
        Duration: 1
      Scale:
        AnimationType: 4
        Enabled: 0
        From: {x: 0, y: 0, z: 0}
        To: {x: 0, y: 0, z: 0}
        By: {x: 0, y: 0, z: 0}
        UseCustomFromAndTo: 0
        Vibrato: 10
        Elasticity: 1
        NumberOfLoops: -1
        LoopType: 1
        EaseType: 0
        Ease: 1
        AnimationCurve:
          serializedVersion: 2
          m_Curve: []
          m_PreInfinity: 2
          m_PostInfinity: 2
          m_RotationOrder: 4
        StartDelay: 0
        Duration: 1
      Fade:
        AnimationType: 4
        Enabled: 0
        From: 0
        To: 1
        By: 0.5
        UseCustomFromAndTo: 0
        NumberOfLoops: -1
        LoopType: 1
        EaseType: 0
        Ease: 1
        AnimationCurve:
          serializedVersion: 2
          m_Curve: []
          m_PreInfinity: 2
          m_PostInfinity: 2
          m_RotationOrder: 4
        StartDelay: 0
        Duration: 1
    Ready: 1
    SelectButton: 0
    StateAnimation:
      AnimationType: 5
      Move:
        AnimationType: 5
        Enabled: 0
        From: {x: 0, y: 0, z: 0}
        To: {x: 0, y: 0, z: 0}
        By: {x: 0, y: 0, z: 0}
        UseCustomFromAndTo: 0
        Vibrato: 10
        Elasticity: 1
        NumberOfLoops: -1
        LoopType: 1
        Direction: 0
        CustomPosition: {x: 0, y: 0, z: 0}
        EaseType: 0
        Ease: 1
        AnimationCurve:
          serializedVersion: 2
          m_Curve: []
          m_PreInfinity: 2
          m_PostInfinity: 2
          m_RotationOrder: 4
        StartDelay: 0
        Duration: 1
      Rotate:
        AnimationType: 5
        Enabled: 0
        From: {x: 0, y: 0, z: 0}
        To: {x: 0, y: 0, z: 0}
        By: {x: 0, y: 0, z: 0}
        UseCustomFromAndTo: 0
        Vibrato: 10
        Elasticity: 1
        NumberOfLoops: -1
        LoopType: 1
        RotateMode: 1
        EaseType: 0
        Ease: 1
        AnimationCurve:
          serializedVersion: 2
          m_Curve: []
          m_PreInfinity: 2
          m_PostInfinity: 2
          m_RotationOrder: 4
        StartDelay: 0
        Duration: 1
      Scale:
        AnimationType: 5
        Enabled: 0
        From: {x: 0, y: 0, z: 0}
        To: {x: 0, y: 0, z: 0}
        By: {x: 0, y: 0, z: 0}
        UseCustomFromAndTo: 0
        Vibrato: 10
        Elasticity: 1
        NumberOfLoops: -1
        LoopType: 1
        EaseType: 0
        Ease: 1
        AnimationCurve:
          serializedVersion: 2
          m_Curve: []
          m_PreInfinity: 2
          m_PostInfinity: 2
          m_RotationOrder: 4
        StartDelay: 0
        Duration: 1
      Fade:
        AnimationType: 5
        Enabled: 0
        From: 0
        To: 1
        By: 0.5
        UseCustomFromAndTo: 0
        NumberOfLoops: -1
        LoopType: 1
        EaseType: 0
        Ease: 1
        AnimationCurve:
          serializedVersion: 2
          m_Curve: []
          m_PreInfinity: 2
          m_PostInfinity: 2
          m_RotationOrder: 4
        StartDelay: 0
        Duration: 1
    TriggerEventsAfterAnimation: 0
    m_behaviorType: 1
  OnLongClick:
    Animators: []
    ButtonAnimationType: 0
    DeselectButton: 0
    DisableInterval: 0.2
    Enabled: 0
    LoadSelectedPresetAtRuntime: 0
    OnTrigger:
      AnimatorEvents: []
      Effect:
        AutoSort: 1
        Behavior: 0
        CustomSortingOrder: 0
        SortingSteps: 1
        ParticleSystem: {fileID: 0}
        StopBehavior: 1
        CustomSortingLayer: Default
      Event:
        m_PersistentCalls:
          m_Calls: []
        m_TypeName: UnityEngine.Events.UnityEvent, UnityEngine.CoreModule, Version=0.0.0.0,
          Culture=neutral, PublicKeyToken=null
      GameEvents: []
      SoundData:
        SoundSource: 0
        DatabaseName: General
        SoundName: No Sound
        AudioClip: {fileID: 0}
        OutputAudioMixerGroup: {fileID: 0}
    PresetCategory: Uncategorized
    PresetName: Default
    PunchAnimation:
      AnimationType: 4
      Move:
        AnimationType: 4
        Enabled: 0
        From: {x: 0, y: 0, z: 0}
        To: {x: 0, y: 0, z: 0}
        By: {x: 0, y: 0, z: 0}
        UseCustomFromAndTo: 0
        Vibrato: 10
        Elasticity: 1
        NumberOfLoops: -1
        LoopType: 1
        Direction: 0
        CustomPosition: {x: 0, y: 0, z: 0}
        EaseType: 0
        Ease: 1
        AnimationCurve:
          serializedVersion: 2
          m_Curve: []
          m_PreInfinity: 2
          m_PostInfinity: 2
          m_RotationOrder: 4
        StartDelay: 0
        Duration: 1
      Rotate:
        AnimationType: 4
        Enabled: 0
        From: {x: 0, y: 0, z: 0}
        To: {x: 0, y: 0, z: 0}
        By: {x: 0, y: 0, z: 0}
        UseCustomFromAndTo: 0
        Vibrato: 10
        Elasticity: 1
        NumberOfLoops: -1
        LoopType: 1
        RotateMode: 1
        EaseType: 0
        Ease: 1
        AnimationCurve:
          serializedVersion: 2
          m_Curve: []
          m_PreInfinity: 2
          m_PostInfinity: 2
          m_RotationOrder: 4
        StartDelay: 0
        Duration: 1
      Scale:
        AnimationType: 4
        Enabled: 0
        From: {x: 0, y: 0, z: 0}
        To: {x: 0, y: 0, z: 0}
        By: {x: 0, y: 0, z: 0}
        UseCustomFromAndTo: 0
        Vibrato: 10
        Elasticity: 1
        NumberOfLoops: -1
        LoopType: 1
        EaseType: 0
        Ease: 1
        AnimationCurve:
          serializedVersion: 2
          m_Curve: []
          m_PreInfinity: 2
          m_PostInfinity: 2
          m_RotationOrder: 4
        StartDelay: 0
        Duration: 1
      Fade:
        AnimationType: 4
        Enabled: 0
        From: 0
        To: 1
        By: 0.5
        UseCustomFromAndTo: 0
        NumberOfLoops: -1
        LoopType: 1
        EaseType: 0
        Ease: 1
        AnimationCurve:
          serializedVersion: 2
          m_Curve: []
          m_PreInfinity: 2
          m_PostInfinity: 2
          m_RotationOrder: 4
        StartDelay: 0
        Duration: 1
    Ready: 1
    SelectButton: 0
    StateAnimation:
      AnimationType: 5
      Move:
        AnimationType: 5
        Enabled: 0
        From: {x: 0, y: 0, z: 0}
        To: {x: 0, y: 0, z: 0}
        By: {x: 0, y: 0, z: 0}
        UseCustomFromAndTo: 0
        Vibrato: 10
        Elasticity: 1
        NumberOfLoops: -1
        LoopType: 1
        Direction: 0
        CustomPosition: {x: 0, y: 0, z: 0}
        EaseType: 0
        Ease: 1
        AnimationCurve:
          serializedVersion: 2
          m_Curve: []
          m_PreInfinity: 2
          m_PostInfinity: 2
          m_RotationOrder: 4
        StartDelay: 0
        Duration: 1
      Rotate:
        AnimationType: 5
        Enabled: 0
        From: {x: 0, y: 0, z: 0}
        To: {x: 0, y: 0, z: 0}
        By: {x: 0, y: 0, z: 0}
        UseCustomFromAndTo: 0
        Vibrato: 10
        Elasticity: 1
        NumberOfLoops: -1
        LoopType: 1
        RotateMode: 1
        EaseType: 0
        Ease: 1
        AnimationCurve:
          serializedVersion: 2
          m_Curve: []
          m_PreInfinity: 2
          m_PostInfinity: 2
          m_RotationOrder: 4
        StartDelay: 0
        Duration: 1
      Scale:
        AnimationType: 5
        Enabled: 0
        From: {x: 0, y: 0, z: 0}
        To: {x: 0, y: 0, z: 0}
        By: {x: 0, y: 0, z: 0}
        UseCustomFromAndTo: 0
        Vibrato: 10
        Elasticity: 1
        NumberOfLoops: -1
        LoopType: 1
        EaseType: 0
        Ease: 1
        AnimationCurve:
          serializedVersion: 2
          m_Curve: []
          m_PreInfinity: 2
          m_PostInfinity: 2
          m_RotationOrder: 4
        StartDelay: 0
        Duration: 1
      Fade:
        AnimationType: 5
        Enabled: 0
        From: 0
        To: 1
        By: 0.5
        UseCustomFromAndTo: 0
        NumberOfLoops: -1
        LoopType: 1
        EaseType: 0
        Ease: 1
        AnimationCurve:
          serializedVersion: 2
          m_Curve: []
          m_PreInfinity: 2
          m_PostInfinity: 2
          m_RotationOrder: 4
        StartDelay: 0
        Duration: 1
    TriggerEventsAfterAnimation: 0
    m_behaviorType: 2
  OnSelected:
    Animators: []
    ButtonAnimationType: 0
    DeselectButton: 0
    DisableInterval: 0
    Enabled: 0
    LoadSelectedPresetAtRuntime: 0
    OnTrigger:
      AnimatorEvents: []
      Effect:
        AutoSort: 1
        Behavior: 0
        CustomSortingOrder: 0
        SortingSteps: 1
        ParticleSystem: {fileID: 0}
        StopBehavior: 1
        CustomSortingLayer: Default
      Event:
        m_PersistentCalls:
          m_Calls: []
        m_TypeName: UnityEngine.Events.UnityEvent, UnityEngine.CoreModule, Version=0.0.0.0,
          Culture=neutral, PublicKeyToken=null
      GameEvents: []
      SoundData:
        SoundSource: 0
        DatabaseName: General
        SoundName: No Sound
        AudioClip: {fileID: 0}
        OutputAudioMixerGroup: {fileID: 0}
    PresetCategory: Uncategorized
    PresetName: Default
    PunchAnimation:
      AnimationType: 4
      Move:
        AnimationType: 4
        Enabled: 0
        From: {x: 0, y: 0, z: 0}
        To: {x: 0, y: 0, z: 0}
        By: {x: 0, y: 0, z: 0}
        UseCustomFromAndTo: 0
        Vibrato: 10
        Elasticity: 1
        NumberOfLoops: -1
        LoopType: 1
        Direction: 0
        CustomPosition: {x: 0, y: 0, z: 0}
        EaseType: 0
        Ease: 1
        AnimationCurve:
          serializedVersion: 2
          m_Curve: []
          m_PreInfinity: 2
          m_PostInfinity: 2
          m_RotationOrder: 4
        StartDelay: 0
        Duration: 1
      Rotate:
        AnimationType: 4
        Enabled: 0
        From: {x: 0, y: 0, z: 0}
        To: {x: 0, y: 0, z: 0}
        By: {x: 0, y: 0, z: 0}
        UseCustomFromAndTo: 0
        Vibrato: 10
        Elasticity: 1
        NumberOfLoops: -1
        LoopType: 1
        RotateMode: 1
        EaseType: 0
        Ease: 1
        AnimationCurve:
          serializedVersion: 2
          m_Curve: []
          m_PreInfinity: 2
          m_PostInfinity: 2
          m_RotationOrder: 4
        StartDelay: 0
        Duration: 1
      Scale:
        AnimationType: 4
        Enabled: 0
        From: {x: 0, y: 0, z: 0}
        To: {x: 0, y: 0, z: 0}
        By: {x: 0, y: 0, z: 0}
        UseCustomFromAndTo: 0
        Vibrato: 10
        Elasticity: 1
        NumberOfLoops: -1
        LoopType: 1
        EaseType: 0
        Ease: 1
        AnimationCurve:
          serializedVersion: 2
          m_Curve: []
          m_PreInfinity: 2
          m_PostInfinity: 2
          m_RotationOrder: 4
        StartDelay: 0
        Duration: 1
      Fade:
        AnimationType: 4
        Enabled: 0
        From: 0
        To: 1
        By: 0.5
        UseCustomFromAndTo: 0
        NumberOfLoops: -1
        LoopType: 1
        EaseType: 0
        Ease: 1
        AnimationCurve:
          serializedVersion: 2
          m_Curve: []
          m_PreInfinity: 2
          m_PostInfinity: 2
          m_RotationOrder: 4
        StartDelay: 0
        Duration: 1
    Ready: 1
    SelectButton: 0
    StateAnimation:
      AnimationType: 5
      Move:
        AnimationType: 5
        Enabled: 0
        From: {x: 0, y: 0, z: 0}
        To: {x: 0, y: 0, z: 0}
        By: {x: 0, y: 0, z: 0}
        UseCustomFromAndTo: 0
        Vibrato: 10
        Elasticity: 1
        NumberOfLoops: -1
        LoopType: 1
        Direction: 0
        CustomPosition: {x: 0, y: 0, z: 0}
        EaseType: 0
        Ease: 1
        AnimationCurve:
          serializedVersion: 2
          m_Curve: []
          m_PreInfinity: 2
          m_PostInfinity: 2
          m_RotationOrder: 4
        StartDelay: 0
        Duration: 1
      Rotate:
        AnimationType: 5
        Enabled: 0
        From: {x: 0, y: 0, z: 0}
        To: {x: 0, y: 0, z: 0}
        By: {x: 0, y: 0, z: 0}
        UseCustomFromAndTo: 0
        Vibrato: 10
        Elasticity: 1
        NumberOfLoops: -1
        LoopType: 1
        RotateMode: 1
        EaseType: 0
        Ease: 1
        AnimationCurve:
          serializedVersion: 2
          m_Curve: []
          m_PreInfinity: 2
          m_PostInfinity: 2
          m_RotationOrder: 4
        StartDelay: 0
        Duration: 1
      Scale:
        AnimationType: 5
        Enabled: 0
        From: {x: 0, y: 0, z: 0}
        To: {x: 0, y: 0, z: 0}
        By: {x: 0, y: 0, z: 0}
        UseCustomFromAndTo: 0
        Vibrato: 10
        Elasticity: 1
        NumberOfLoops: -1
        LoopType: 1
        EaseType: 0
        Ease: 1
        AnimationCurve:
          serializedVersion: 2
          m_Curve: []
          m_PreInfinity: 2
          m_PostInfinity: 2
          m_RotationOrder: 4
        StartDelay: 0
        Duration: 1
      Fade:
        AnimationType: 5
        Enabled: 0
        From: 0
        To: 1
        By: 0.5
        UseCustomFromAndTo: 0
        NumberOfLoops: -1
        LoopType: 1
        EaseType: 0
        Ease: 1
        AnimationCurve:
          serializedVersion: 2
          m_Curve: []
          m_PreInfinity: 2
          m_PostInfinity: 2
          m_RotationOrder: 4
        StartDelay: 0
        Duration: 1
    TriggerEventsAfterAnimation: 0
    m_behaviorType: 7
  OnDeselected:
    Animators: []
    ButtonAnimationType: 0
    DeselectButton: 0
    DisableInterval: 0
    Enabled: 0
    LoadSelectedPresetAtRuntime: 0
    OnTrigger:
      AnimatorEvents: []
      Effect:
        AutoSort: 1
        Behavior: 0
        CustomSortingOrder: 0
        SortingSteps: 1
        ParticleSystem: {fileID: 0}
        StopBehavior: 1
        CustomSortingLayer: Default
      Event:
        m_PersistentCalls:
          m_Calls: []
        m_TypeName: UnityEngine.Events.UnityEvent, UnityEngine.CoreModule, Version=0.0.0.0,
          Culture=neutral, PublicKeyToken=null
      GameEvents: []
      SoundData:
        SoundSource: 0
        DatabaseName: General
        SoundName: No Sound
        AudioClip: {fileID: 0}
        OutputAudioMixerGroup: {fileID: 0}
    PresetCategory: Uncategorized
    PresetName: Default
    PunchAnimation:
      AnimationType: 4
      Move:
        AnimationType: 4
        Enabled: 0
        From: {x: 0, y: 0, z: 0}
        To: {x: 0, y: 0, z: 0}
        By: {x: 0, y: 0, z: 0}
        UseCustomFromAndTo: 0
        Vibrato: 10
        Elasticity: 1
        NumberOfLoops: -1
        LoopType: 1
        Direction: 0
        CustomPosition: {x: 0, y: 0, z: 0}
        EaseType: 0
        Ease: 1
        AnimationCurve:
          serializedVersion: 2
          m_Curve: []
          m_PreInfinity: 2
          m_PostInfinity: 2
          m_RotationOrder: 4
        StartDelay: 0
        Duration: 1
      Rotate:
        AnimationType: 4
        Enabled: 0
        From: {x: 0, y: 0, z: 0}
        To: {x: 0, y: 0, z: 0}
        By: {x: 0, y: 0, z: 0}
        UseCustomFromAndTo: 0
        Vibrato: 10
        Elasticity: 1
        NumberOfLoops: -1
        LoopType: 1
        RotateMode: 1
        EaseType: 0
        Ease: 1
        AnimationCurve:
          serializedVersion: 2
          m_Curve: []
          m_PreInfinity: 2
          m_PostInfinity: 2
          m_RotationOrder: 4
        StartDelay: 0
        Duration: 1
      Scale:
        AnimationType: 4
        Enabled: 0
        From: {x: 0, y: 0, z: 0}
        To: {x: 0, y: 0, z: 0}
        By: {x: 0, y: 0, z: 0}
        UseCustomFromAndTo: 0
        Vibrato: 10
        Elasticity: 1
        NumberOfLoops: -1
        LoopType: 1
        EaseType: 0
        Ease: 1
        AnimationCurve:
          serializedVersion: 2
          m_Curve: []
          m_PreInfinity: 2
          m_PostInfinity: 2
          m_RotationOrder: 4
        StartDelay: 0
        Duration: 1
      Fade:
        AnimationType: 4
        Enabled: 0
        From: 0
        To: 1
        By: 0.5
        UseCustomFromAndTo: 0
        NumberOfLoops: -1
        LoopType: 1
        EaseType: 0
        Ease: 1
        AnimationCurve:
          serializedVersion: 2
          m_Curve: []
          m_PreInfinity: 2
          m_PostInfinity: 2
          m_RotationOrder: 4
        StartDelay: 0
        Duration: 1
    Ready: 1
    SelectButton: 0
    StateAnimation:
      AnimationType: 5
      Move:
        AnimationType: 5
        Enabled: 0
        From: {x: 0, y: 0, z: 0}
        To: {x: 0, y: 0, z: 0}
        By: {x: 0, y: 0, z: 0}
        UseCustomFromAndTo: 0
        Vibrato: 10
        Elasticity: 1
        NumberOfLoops: -1
        LoopType: 1
        Direction: 0
        CustomPosition: {x: 0, y: 0, z: 0}
        EaseType: 0
        Ease: 1
        AnimationCurve:
          serializedVersion: 2
          m_Curve: []
          m_PreInfinity: 2
          m_PostInfinity: 2
          m_RotationOrder: 4
        StartDelay: 0
        Duration: 1
      Rotate:
        AnimationType: 5
        Enabled: 0
        From: {x: 0, y: 0, z: 0}
        To: {x: 0, y: 0, z: 0}
        By: {x: 0, y: 0, z: 0}
        UseCustomFromAndTo: 0
        Vibrato: 10
        Elasticity: 1
        NumberOfLoops: -1
        LoopType: 1
        RotateMode: 1
        EaseType: 0
        Ease: 1
        AnimationCurve:
          serializedVersion: 2
          m_Curve: []
          m_PreInfinity: 2
          m_PostInfinity: 2
          m_RotationOrder: 4
        StartDelay: 0
        Duration: 1
      Scale:
        AnimationType: 5
        Enabled: 0
        From: {x: 0, y: 0, z: 0}
        To: {x: 0, y: 0, z: 0}
        By: {x: 0, y: 0, z: 0}
        UseCustomFromAndTo: 0
        Vibrato: 10
        Elasticity: 1
        NumberOfLoops: -1
        LoopType: 1
        EaseType: 0
        Ease: 1
        AnimationCurve:
          serializedVersion: 2
          m_Curve: []
          m_PreInfinity: 2
          m_PostInfinity: 2
          m_RotationOrder: 4
        StartDelay: 0
        Duration: 1
      Fade:
        AnimationType: 5
        Enabled: 0
        From: 0
        To: 1
        By: 0.5
        UseCustomFromAndTo: 0
        NumberOfLoops: -1
        LoopType: 1
        EaseType: 0
        Ease: 1
        AnimationCurve:
          serializedVersion: 2
          m_Curve: []
          m_PreInfinity: 2
          m_PostInfinity: 2
          m_RotationOrder: 4
        StartDelay: 0
        Duration: 1
    TriggerEventsAfterAnimation: 0
    m_behaviorType: 8
  NormalLoopAnimation:
    Animation:
      AnimationType: 3
      Move:
        AnimationType: 3
        Enabled: 0
        From: {x: 0, y: 0, z: 0}
        To: {x: 0, y: 0, z: 0}
        By: {x: 0, y: 0, z: 0}
        UseCustomFromAndTo: 0
        Vibrato: 10
        Elasticity: 1
        NumberOfLoops: -1
        LoopType: 1
        Direction: 0
        CustomPosition: {x: 0, y: 0, z: 0}
        EaseType: 0
        Ease: 1
        AnimationCurve:
          serializedVersion: 2
          m_Curve: []
          m_PreInfinity: 2
          m_PostInfinity: 2
          m_RotationOrder: 4
        StartDelay: 0
        Duration: 1
      Rotate:
        AnimationType: 3
        Enabled: 0
        From: {x: 0, y: 0, z: 0}
        To: {x: 0, y: 0, z: 0}
        By: {x: 0, y: 0, z: 0}
        UseCustomFromAndTo: 0
        Vibrato: 10
        Elasticity: 1
        NumberOfLoops: -1
        LoopType: 1
        RotateMode: 1
        EaseType: 0
        Ease: 1
        AnimationCurve:
          serializedVersion: 2
          m_Curve: []
          m_PreInfinity: 2
          m_PostInfinity: 2
          m_RotationOrder: 4
        StartDelay: 0
        Duration: 1
      Scale:
        AnimationType: 3
        Enabled: 0
        From: {x: 0, y: 0, z: 0}
        To: {x: 0, y: 0, z: 0}
        By: {x: 0, y: 0, z: 0}
        UseCustomFromAndTo: 0
        Vibrato: 10
        Elasticity: 1
        NumberOfLoops: -1
        LoopType: 1
        EaseType: 0
        Ease: 1
        AnimationCurve:
          serializedVersion: 2
          m_Curve: []
          m_PreInfinity: 2
          m_PostInfinity: 2
          m_RotationOrder: 4
        StartDelay: 0
        Duration: 1
      Fade:
        AnimationType: 3
        Enabled: 0
        From: 0
        To: 1
        By: 0.5
        UseCustomFromAndTo: 0
        NumberOfLoops: -1
        LoopType: 1
        EaseType: 0
        Ease: 1
        AnimationCurve:
          serializedVersion: 2
          m_Curve: []
          m_PreInfinity: 2
          m_PostInfinity: 2
          m_RotationOrder: 4
        StartDelay: 0
        Duration: 1
    Enabled: 0
    IsPlaying: 0
    LoopAnimationType: 0
    LoadSelectedPresetAtRuntime: 0
    PresetCategory: 
    PresetName: 
  SelectedLoopAnimation:
    Animation:
      AnimationType: 3
      Move:
        AnimationType: 3
        Enabled: 0
        From: {x: 0, y: 0, z: 0}
        To: {x: 0, y: 0, z: 0}
        By: {x: 0, y: 0, z: 0}
        UseCustomFromAndTo: 0
        Vibrato: 10
        Elasticity: 1
        NumberOfLoops: -1
        LoopType: 1
        Direction: 0
        CustomPosition: {x: 0, y: 0, z: 0}
        EaseType: 0
        Ease: 1
        AnimationCurve:
          serializedVersion: 2
          m_Curve: []
          m_PreInfinity: 2
          m_PostInfinity: 2
          m_RotationOrder: 4
        StartDelay: 0
        Duration: 1
      Rotate:
        AnimationType: 3
        Enabled: 0
        From: {x: 0, y: 0, z: 0}
        To: {x: 0, y: 0, z: 0}
        By: {x: 0, y: 0, z: 0}
        UseCustomFromAndTo: 0
        Vibrato: 10
        Elasticity: 1
        NumberOfLoops: -1
        LoopType: 1
        RotateMode: 1
        EaseType: 0
        Ease: 1
        AnimationCurve:
          serializedVersion: 2
          m_Curve: []
          m_PreInfinity: 2
          m_PostInfinity: 2
          m_RotationOrder: 4
        StartDelay: 0
        Duration: 1
      Scale:
        AnimationType: 3
        Enabled: 0
        From: {x: 0, y: 0, z: 0}
        To: {x: 0, y: 0, z: 0}
        By: {x: 0, y: 0, z: 0}
        UseCustomFromAndTo: 0
        Vibrato: 10
        Elasticity: 1
        NumberOfLoops: -1
        LoopType: 1
        EaseType: 0
        Ease: 1
        AnimationCurve:
          serializedVersion: 2
          m_Curve: []
          m_PreInfinity: 2
          m_PostInfinity: 2
          m_RotationOrder: 4
        StartDelay: 0
        Duration: 1
      Fade:
        AnimationType: 3
        Enabled: 0
        From: 0
        To: 1
        By: 0.5
        UseCustomFromAndTo: 0
        NumberOfLoops: -1
        LoopType: 1
        EaseType: 0
        Ease: 1
        AnimationCurve:
          serializedVersion: 2
          m_Curve: []
          m_PreInfinity: 2
          m_PostInfinity: 2
          m_RotationOrder: 4
        StartDelay: 0
        Duration: 1
    Enabled: 0
    IsPlaying: 0
    LoopAnimationType: 1
    LoadSelectedPresetAtRuntime: 0
    PresetCategory: 
    PresetName: 
  TargetLabel: 2
  TextLabel: {fileID: 0}
  TextMeshProLabel: {fileID: 1761577078164493727}
--- !u!1 &1761577078164493721
GameObject:
  m_ObjectHideFlags: 0
  m_CorrespondingSourceObject: {fileID: 0}
  m_PrefabInstance: {fileID: 0}
  m_PrefabAsset: {fileID: 0}
  serializedVersion: 6
  m_Component:
  - component: {fileID: 1761577078164493720}
  - component: {fileID: 1761577078164493726}
  - component: {fileID: 1761577078164493727}
  m_Layer: 5
  m_Name: Label
  m_TagString: Untagged
  m_Icon: {fileID: 0}
  m_NavMeshLayer: 0
  m_StaticEditorFlags: 0
  m_IsActive: 1
--- !u!224 &1761577078164493720
RectTransform:
  m_ObjectHideFlags: 0
  m_CorrespondingSourceObject: {fileID: 0}
  m_PrefabInstance: {fileID: 0}
  m_PrefabAsset: {fileID: 0}
  m_GameObject: {fileID: 1761577078164493721}
  m_LocalRotation: {x: 0, y: 0, z: 0, w: 1}
  m_LocalPosition: {x: 0, y: 0, z: -0.00009918213}
  m_LocalScale: {x: 1, y: 1, z: 1}
  m_Children: []
  m_Father: {fileID: 1761577076956040537}
  m_RootOrder: 0
  m_LocalEulerAnglesHint: {x: 0, y: 0, z: 0}
  m_AnchorMin: {x: 0.5, y: 0.5}
  m_AnchorMax: {x: 0.5, y: 0.5}
  m_AnchoredPosition: {x: -1.7, y: 0.000030517578}
  m_SizeDelta: {x: 576, y: 50}
  m_Pivot: {x: 0.5, y: 0.5}
--- !u!222 &1761577078164493726
CanvasRenderer:
  m_ObjectHideFlags: 0
  m_CorrespondingSourceObject: {fileID: 0}
  m_PrefabInstance: {fileID: 0}
  m_PrefabAsset: {fileID: 0}
  m_GameObject: {fileID: 1761577078164493721}
  m_CullTransparentMesh: 0
--- !u!114 &1761577078164493727
MonoBehaviour:
  m_ObjectHideFlags: 0
  m_CorrespondingSourceObject: {fileID: 0}
  m_PrefabInstance: {fileID: 0}
  m_PrefabAsset: {fileID: 0}
  m_GameObject: {fileID: 1761577078164493721}
  m_Enabled: 1
  m_EditorHideFlags: 0
  m_Script: {fileID: 11500000, guid: f4688fdb7df04437aeb418b961361dc5, type: 3}
  m_Name: 
  m_EditorClassIdentifier: 
  m_Material: {fileID: 0}
  m_Color: {r: 1, g: 1, b: 1, a: 1}
  m_RaycastTarget: 1
  m_OnCullStateChanged:
    m_PersistentCalls:
      m_Calls: []
    m_TypeName: UnityEngine.UI.MaskableGraphic+CullStateChangedEvent, UnityEngine.UI,
      Version=1.0.0.0, Culture=neutral, PublicKeyToken=null
  m_text: "Lancer la <b>r\xE9alit\xE9 augment\xE9e</b>"
  m_isRightToLeft: 0
  m_fontAsset: {fileID: 11400000, guid: 8f586378b4e144a9851e7b34d9b748ee, type: 2}
  m_sharedMaterial: {fileID: 2180264, guid: 8f586378b4e144a9851e7b34d9b748ee, type: 2}
  m_fontSharedMaterials: []
  m_fontMaterial: {fileID: 0}
  m_fontMaterials: []
  m_fontColor32:
    serializedVersion: 2
    rgba: 4294967295
  m_fontColor: {r: 1, g: 1, b: 1, a: 1}
  m_enableVertexGradient: 0
  m_colorMode: 3
  m_fontColorGradient:
    topLeft: {r: 1, g: 1, b: 1, a: 1}
    topRight: {r: 1, g: 1, b: 1, a: 1}
    bottomLeft: {r: 1, g: 1, b: 1, a: 1}
    bottomRight: {r: 1, g: 1, b: 1, a: 1}
  m_fontColorGradientPreset: {fileID: 0}
  m_spriteAsset: {fileID: 0}
  m_tintAllSprites: 0
  m_overrideHtmlColors: 0
  m_faceColor:
    serializedVersion: 2
    rgba: 4294967295
  m_outlineColor:
    serializedVersion: 2
    rgba: 4278190080
  m_fontSize: 27.3
  m_fontSizeBase: 27.3
  m_fontWeight: 400
  m_enableAutoSizing: 0
  m_fontSizeMin: 18
  m_fontSizeMax: 72
  m_fontStyle: 16
  m_textAlignment: 514
  m_characterSpacing: 0.2
  m_wordSpacing: 0
  m_lineSpacing: 0
  m_lineSpacingMax: 0
  m_paragraphSpacing: 0
  m_charWidthMaxAdj: 0
  m_enableWordWrapping: 1
  m_wordWrappingRatios: 0.4
  m_overflowMode: 0
  m_firstOverflowCharacterIndex: -1
  m_linkedTextComponent: {fileID: 0}
  m_isLinkedTextComponent: 0
  m_isTextTruncated: 0
  m_enableKerning: 1
  m_enableExtraPadding: 0
  checkPaddingRequired: 0
  m_isRichText: 1
  m_parseCtrlCharacters: 1
  m_isOrthographic: 1
  m_isCullingEnabled: 0
  m_ignoreRectMaskCulling: 0
  m_ignoreCulling: 1
  m_horizontalMapping: 0
  m_verticalMapping: 0
  m_uvLineOffset: 0
  m_geometrySortingOrder: 0
  m_VertexBufferAutoSizeReduction: 1
  m_firstVisibleCharacter: 0
  m_useMaxVisibleDescender: 1
  m_pageToDisplay: 1
  m_margin: {x: 0, y: 0, z: 0, w: 0}
  m_textInfo:
    textComponent: {fileID: 1761577078164493727}
    characterCount: 27
    spriteCount: 0
    spaceCount: 3
    wordCount: 4
    linkCount: 0
    lineCount: 1
    pageCount: 1
    materialCount: 1
  m_isUsingLegacyAnimationComponent: 0
  m_isVolumetricText: 0
  m_spriteAnimator: {fileID: 0}
  m_hasFontAssetChanged: 0
  m_subTextObjects:
  - {fileID: 0}
  - {fileID: 0}
  - {fileID: 0}
  - {fileID: 0}
  - {fileID: 0}
  - {fileID: 0}
  - {fileID: 0}
  - {fileID: 0}
  m_baseMaterial: {fileID: 0}
  m_maskOffset: {x: 0, y: 0, z: 0, w: 0}
--- !u!1001 &1761577076353411791
PrefabInstance:
  m_ObjectHideFlags: 0
  serializedVersion: 2
  m_Modification:
    m_TransformParent: {fileID: 1761577076956040537}
    m_Modifications:
    - target: {fileID: -8090369409789691305, guid: b0598218b86b8c143b2c1b8a17fefd60,
        type: 3}
      propertyPath: m_Name
      value: augmented-reality
      objectReference: {fileID: 0}
    - target: {fileID: -8090369409789691305, guid: b0598218b86b8c143b2c1b8a17fefd60,
        type: 3}
      propertyPath: m_Layer
      value: 5
      objectReference: {fileID: 0}
    - target: {fileID: -6514367761933096158, guid: b0598218b86b8c143b2c1b8a17fefd60,
        type: 3}
      propertyPath: m_LocalPosition.x
      value: -33
      objectReference: {fileID: 0}
    - target: {fileID: -6514367761933096158, guid: b0598218b86b8c143b2c1b8a17fefd60,
        type: 3}
      propertyPath: m_LocalPosition.y
      value: -0.1
      objectReference: {fileID: 0}
    - target: {fileID: -6514367761933096158, guid: b0598218b86b8c143b2c1b8a17fefd60,
        type: 3}
      propertyPath: m_LocalPosition.z
      value: 0.2
      objectReference: {fileID: 0}
    - target: {fileID: -6514367761933096158, guid: b0598218b86b8c143b2c1b8a17fefd60,
        type: 3}
      propertyPath: m_LocalRotation.x
      value: -0
      objectReference: {fileID: 0}
    - target: {fileID: -6514367761933096158, guid: b0598218b86b8c143b2c1b8a17fefd60,
        type: 3}
      propertyPath: m_LocalRotation.y
      value: -0
      objectReference: {fileID: 0}
    - target: {fileID: -6514367761933096158, guid: b0598218b86b8c143b2c1b8a17fefd60,
        type: 3}
      propertyPath: m_LocalRotation.z
      value: -0
      objectReference: {fileID: 0}
    - target: {fileID: -6514367761933096158, guid: b0598218b86b8c143b2c1b8a17fefd60,
        type: 3}
      propertyPath: m_LocalRotation.w
      value: 1
      objectReference: {fileID: 0}
    - target: {fileID: -6514367761933096158, guid: b0598218b86b8c143b2c1b8a17fefd60,
        type: 3}
      propertyPath: m_RootOrder
      value: 1
      objectReference: {fileID: 0}
    - target: {fileID: -6514367761933096158, guid: b0598218b86b8c143b2c1b8a17fefd60,
        type: 3}
      propertyPath: m_LocalEulerAnglesHint.x
      value: 0
      objectReference: {fileID: 0}
    - target: {fileID: -6514367761933096158, guid: b0598218b86b8c143b2c1b8a17fefd60,
        type: 3}
      propertyPath: m_LocalEulerAnglesHint.y
      value: 0
      objectReference: {fileID: 0}
    - target: {fileID: -6514367761933096158, guid: b0598218b86b8c143b2c1b8a17fefd60,
        type: 3}
      propertyPath: m_LocalEulerAnglesHint.z
      value: 0
      objectReference: {fileID: 0}
    - target: {fileID: -6514367761933096158, guid: b0598218b86b8c143b2c1b8a17fefd60,
        type: 3}
      propertyPath: m_LocalScale.x
      value: 77.37237
      objectReference: {fileID: 0}
    - target: {fileID: -6514367761933096158, guid: b0598218b86b8c143b2c1b8a17fefd60,
        type: 3}
      propertyPath: m_LocalScale.y
      value: 77.37237
      objectReference: {fileID: 0}
    - target: {fileID: -6514367761933096158, guid: b0598218b86b8c143b2c1b8a17fefd60,
        type: 3}
      propertyPath: m_LocalScale.z
      value: 77.37237
      objectReference: {fileID: 0}
    - target: {fileID: 547475039378910618, guid: b0598218b86b8c143b2c1b8a17fefd60,
        type: 3}
      propertyPath: m_SortingLayerID
      value: -696231061
      objectReference: {fileID: 0}
    - target: {fileID: 547475039378910618, guid: b0598218b86b8c143b2c1b8a17fefd60,
        type: 3}
      propertyPath: m_SortingLayer
      value: 1
      objectReference: {fileID: 0}
    m_RemovedComponents: []
  m_SourcePrefab: {fileID: 7243324766535440047, guid: b0598218b86b8c143b2c1b8a17fefd60,
    type: 3}
--- !u!4 &4461431210928538093 stripped
Transform:
  m_CorrespondingSourceObject: {fileID: -6514367761933096158, guid: b0598218b86b8c143b2c1b8a17fefd60,
    type: 3}
  m_PrefabInstance: {fileID: 1761577076353411791}
  m_PrefabAsset: {fileID: 0}
